







@article{PVDF:1,
author = {Ingraham, Francis S. and Wooley, D. F.},
title = {POLYVINYLIDENE FLUORIDE},
journal = {Industrial \& Engineering Chemistry},
volume = {56},
number = {9},
pages = {53-55},
year = {1964},
doi = {10.1021/ie50657a007},

URL = { 
        https://doi.org/10.1021/ie50657a007
    
},
eprint = { 
        https://doi.org/10.1021/ie50657a007
    
}

}


