@BOOK{Abramowitz1965,
  title = {Handbook of mathematical functions},
  publisher = {Dover Publications, Inc., New York},
  year = {1965},
  author = {M Abramowitz and IA Stegun},
}

@ARTICLE{DeGryze2007,
  author = {S De~Gryze and I Langhans and M Vandebroek},
  title = {Using the correct intervals for prediction: {A} tutorial on tolerance
	intervals for ordinary least-squares regression},
  journal = {Chemometrics and Intelligent Laboratory Systems},
  year = {2007},
  volume = {87},
  pages = {147-154}
}

@BOOK{Johnson1995,
  title = {Continuous Univariate Distributions},
  publisher = {John Wiley \& Sons, Inc., New York},
  year = {1995},
  author = {NL Johnson and S Kotz and N Balakrishnan},
  volume = {2},
  edition = {2nd}
}

@BOOK{Krishnamoorthy2009,
  title = {Statistical tolerance regions: {T}heory, applications, and computation},
  publisher = {John Wiley \& Sons, Inc., New Jersey},
  year = {2009},
  author = {K Krishnamoorthy and T Mathew}
}

@ARTICLE{Lieberman1963,
  author = {GJ Lieberman and RGJ Miller},
  title = {Simultaneous tolerance intervals in regression},
  journal = {Biometrika},
  year = {1963},
  volume = {50},
  pages = {155-168}
}

@ARTICLE{Limam1988,
  author = {MMT Limam and DR Thomas},
  title = {Simultaneous tolerance intervals for the linear regression model},
  journal = {Journal of the American Statistical Association},
  year = {1988},
  volume = {83},
  pages = {801-804},
  number = {403}
}

@BOOK{Mitra1978,
  title = {Recursive formula for the characteristic function of Student $t$
	distributions for odd degrees of freedom},
  publisher = {Manuscript, Pensylvania State University, State College},
  year = {1978},
  author = {SS Mitra}
}
