/home/przemek/Documents/praca_magisterska/piezoelectric_experiments/sample.bib